[gd_scene load_steps=6 format=2]

[ext_resource path="res://Roboto-Black.ttf" type="DynamicFontData" id=1]
[ext_resource path="res://Scripts/LoadNewScene.gd" type="Script" id=2]

[sub_resource type="DynamicFont" id=1]
size = 39
font_data = ExtResource( 1 )

[sub_resource type="DynamicFont" id=2]
font_data = ExtResource( 1 )

[sub_resource type="DynamicFont" id=3]
size = 22
font_data = ExtResource( 1 )

[node name="Credits" type="Control"]
anchor_right = 1.0
anchor_bottom = 1.0

[node name="Title" type="Label" parent="."]
margin_left = 432.0
margin_top = 32.0
margin_right = 560.0
margin_bottom = 80.0
custom_fonts/font = SubResource( 1 )
text = "Credits"

[node name="Credit Fonts" type="Label" parent="."]
margin_left = 288.0
margin_top = 192.0
margin_right = 688.0
margin_bottom = 224.0
custom_fonts/font = SubResource( 2 )
text = "Font: Christian Robertson from GoogleFonts Roboto"

[node name="Credit" type="Label" parent="."]
margin_left = 288.0
margin_top = 96.0
margin_right = 688.0
margin_bottom = 128.0
custom_fonts/font = SubResource( 2 )
text = "Programming: Travis Bodine (creator) "

[node name="Credit2" type="Label" parent="."]
margin_left = 288.0
margin_top = 128.0
margin_right = 688.0
margin_bottom = 160.0
custom_fonts/font = SubResource( 2 )

[node name="Button" type="Button" parent="."]
margin_left = 432.0
margin_top = 464.0
margin_right = 592.0
margin_bottom = 512.0
custom_fonts/font = SubResource( 3 )
text = "Back"
script = ExtResource( 2 )
button_path = NodePath(".")
scene_to_load = "Menus//MainMenu"
sceneName = "Credits"

[connection signal="pressed" from="Button" to="Button" method="_on_Button_pressed"]
